<record><leader>00000cas a22000007a 4500</leader><controlfield tag="001">11418548</controlfield><controlfield tag="008">841126d18771881wiuwr ne      0    0eng d</controlfield><controlfield tag="009">3770</controlfield><datafield ind1=" " ind2=" " tag="010"><subfield code="a">sn 84024929 </subfield></datafield><datafield ind1=" " ind2=" " tag="040"><subfield code="a">NPV</subfield><subfield code="b">eng</subfield><subfield code="c">NPV</subfield><subfield code="d">NPU</subfield><subfield code="d">OCLCQ</subfield></datafield><datafield ind1=" " ind2=" " tag="042"><subfield code="a">msc</subfield></datafield><datafield ind1=" " ind2=" " tag="043"><subfield code="a">n-us-wi</subfield></datafield><datafield ind1=" " ind2=" " tag="045"><subfield code="a">w7w8</subfield></datafield><datafield ind1=" " ind2=" " tag="052"><subfield code="a">4123</subfield><subfield code="b">T7</subfield></datafield><datafield ind1="0" ind2="0" tag="245"><subfield code="a">Trempealeau County republican and Arcadia leader.</subfield></datafield><datafield ind1="1" ind2="3" tag="246"><subfield code="a">Republican-leader, of Trempealeau County</subfield><subfield code="f">Jan. 6-Feb. 10, 1881</subfield></datafield><datafield ind1=" " ind2=" " tag="260"><subfield code="a">Arcadia, Trempealeau County, Wis. :</subfield><subfield code="b">C.A. Leith,</subfield><subfield code="c">1877-1881.</subfield></datafield><datafield ind1=" " ind2=" " tag="300"><subfield code="a">4 v.</subfield></datafield><datafield ind1="0" ind2=" " tag="362"><subfield code="a">Vol. 5, no. 40 (Dec. 7, 1877) -v. 8, no. 50 (Feb. 10, 1881).</subfield></datafield><datafield ind1=" " ind2=" " tag="752"><subfield code="a">United States</subfield><subfield code="b">Wisconsin</subfield><subfield code="c">Trempealeau</subfield><subfield code="d">Arcadia.</subfield></datafield><datafield ind1="0" ind2="4" tag="780"><subfield code="t">Arcadia leader</subfield><subfield code="w">(DLC)sn 84024930</subfield></datafield><datafield ind1="0" ind2="4" tag="780"><subfield code="t">Trempealeau County republican</subfield><subfield code="w">(DLC)sn 85033276</subfield></datafield><datafield ind1="0" ind2="0" tag="785"><subfield code="t">Republican and leader</subfield><subfield code="w">(DLC)sn 84024931</subfield></datafield></record>